@inproceedings{chakrabarti2009annotations,
  title={Annotations in data streams},
  author={Chakrabarti, Amit and Cormode, Graham and McGregor, Andrew},
  booktitle={Proc. 36th ICALP},
  pages={222--234},
  year={2009}
}
@article{chakrabarti2014annotations,
  title={Annotations in data streams},
  author={Chakrabarti, Amit and Cormode, Graham and McGregor, Andrew and Thaler, Justin},
  journal={ACM Transactions on Algorithms (TALG)},
  volume={11},
  number={1},
  pages={7},
  year={2014},
  publisher={ACM}
}

@inproceedings{cormode2012practical,
  title={Practical verified computation with streaming interactive proofs},
  author={Cormode, Graham and Mitzenmacher, Michael and Thaler, Justin},
  booktitle={Proc. 3rd ITCS},
  pages={90--112},
  year={2012}
}

@article{cormode2013streaming,
  title={Streaming graph computations with a helpful advisor},
  author={Cormode, Graham and Mitzenmacher, Michael and Thaler, Justin},
  journal={Algorithmica},
  volume={65},
  number={2},
  pages={409--442},
  year={2013}
}

@inproceedings{klauck2013streaming,
  title={Streaming computations with a loquacious prover},
  author={Klauck, Hartmut and Prakash, Ved},
  booktitle={Proc. 4th ITCS},
  pages={305--320},
  year={2013}
}


@article{thaler2014semi,
  title={Semi-Streaming Algorithms for Annotated Graph Streams},
  author={Thaler, Justin},
  journal={arXiv:1407.3462},
  year={2014}
}

@inproceedings{chakrabarti2015verifiable,
  title={Verifiable Stream Computation and Arthur--Merlin Communication},
  author={Chakrabarti, Amit and Cormode, Graham and McGregor, Andrew and Thaler, Justin and Venkatasubramanian, Suresh},
  booktitle={CCC},
  year={2015}
}

@inproceedings{goos2015zero,
  title={Zero-Information Protocols and Unambiguity in Arthur-Merlin Communication},
  author={G{\"o}{\"o}s, Mika and Pitassi, Toniann and Watson, Thomas},
  booktitle={Proc. 6th ITCS},
  pages={113--122},
  year={2015},
}
  organization={ACM}

@inproceedings{klauck2014improved,
  title={An improved interactive streaming algorithm for the distinct elements problem},
  author={Klauck, Hartmut and Prakash, Ved},
  booktitle={Proc. 41st ICALP},
  pages={919--930},
  year={2014},
}
  publisher={Springer}
@article{cormode2011verifying,
  title={Verifying computations with streaming interactive proofs},
  author={Cormode, Graham and Thaler, Justin and Yi, Ke},
  journal={Proceedings of the VLDB Endowment},
  volume={5},
  number={1},
  pages={25--36},
  year={2011},
}
  publisher={VLDB Endowment}




%%% RELATED WORK
@inproceedings{babai1985trading,
  title={Trading group theory for randomness},
  author={Babai, L{\'a}szl{\'o}},
  booktitle={Proc. 17th STOC},
  pages={421--429},
  year={1985},
}
  organization={ACM}
@inproceedings{goldwasser1986private,
  title={Private coins versus public coins in interactive proof systems},
  author={Goldwasser, Shafi and Sipser, Michael},
  booktitle={Proc. 18th STOC},
  pages={59--68},
  year={1986},
}
  organization={ACM}
@inproceedings{goldwasser1985knowledge,
  title={The knowledge complexity of interactive proof-systems},
  author={Goldwasser, Shafi and Micali, Silvio and Rackoff, Charles},
  booktitle={Proc. 17th STOC},
  pages={291--304},
  year={1985},
}
  organization={ACM}
@article{goldreich1991proofs,
  title={Proofs that yield nothing but their validity or all languages in NP have zero-knowledge proof systems},
  author={Goldreich, Oded and Micali, Silvio and Wigderson, Avi},
  journal={J. ACM},
  volume={38},
  number={3},
  pages={690--728},
  year={1991},
}
  publisher={ACM}


%%% BASIC STREAMING
@article{munro1980selection,
  title={Selection and sorting with limited storage},
  author={Munro, J Ian and Paterson, Mike S},
  journal={TCS},
  volume={12},
  number={3},
  pages={315--323},
  year={1980},
}
  publisher={Elsevier}

@article{flajolet1985probabilistic,
  title={Probabilistic counting algorithms for data base applications},
  author={Flajolet, Philippe and Nigel Martin, G},
  journal={JCSS},
  volume={31},
  number={2},
  pages={182--209},
  year={1985},
}
  publisher={Elsevier}

@article{alon1999space,
  title={The Space Complexity of Approximating the Frequency Moments},
  author={Alon, N and Matias, Y and Szegedy, M},
  journal={JCSS},
  volume={58},
  number={1},
  pages={137--147},
  year={1999},
}
  publisher={Academic Press}


%%% STRINGS
@inproceedings{simon1994string,
  title={String matching algorithms and automata},
  author={Simon, Imre},
  booktitle={Proc. 1st SPIRE},
  pages={151--157},
  year={1993},
}
  publisher={Springer}

@inproceedings{clifford2012pattern,
  title={Pattern matching in multiple streams},
  author={Clifford, Rapha{\"e}l and Jalsenius, Markus and Porat, Ely and Sach, Benjamin},
  booktitle={Proc. 23rd CPM},
  pages={97--109},
  year={2012},
}
  organization={Springer}

@article{gawrychowski2013optimal,
  title={Optimal pattern matching in LZW compressed strings},
  author={Gawrychowski, Pawe{\l}},
  journal={ACM TALG},
  volume={9},
  number={3},
  pages={25},
  year={2013},
}
  publisher={ACM}

@article{fredman1984storing,
  title={Storing a sparse table with $0(1)$ worst case access time},
  author={Fredman, Michael L and Koml{\'o}s, J{\'a}nos and Szemer{\'e}di, Endre},
  journal={J. ACM},
  volume={31},
  number={3},
  pages={538--544},
  year={1984},
}
  publisher={ACM}

@inproceedings{Weiner1973,
    author = {Weiner, P.},
    booktitle = {Proc. 14th SWAT},
    title = {{Linear pattern matching algorithms}},
    pages = {1--11},
    year = {1973}
}
@article{harel1984fast,
  title={Fast algorithms for finding nearest common ancestors},
  author={Harel, D. and Tarjan, R.E.},
  journal={SIAM J. Comput.},
  volume={13},
  number={2},
  pages={338--355},
  year={1984}
}



@article{farach1998string,
  title={String Matching in {L}empel--{Z}iv Compressed Strings},
  author={Farach, Martin and Thorup, Mikkel},
  journal={Algorithmica},
  volume={20},
  number={4},
  pages={388--404},
  year={1998}
}

@inproceedings{sutinen1995using,
  title={On using q-gram locations in approximate string matching},
  author={Sutinen, Erkki and Tarhio, Jorma},
  booktitle={Proc. 3rd ESA},
  pages={327--340},
  year={1995}
}

@article{cormode2007string,
  title={The string edit distance matching problem with moves},
  author={Cormode, Graham and Muthukrishnan, S},
  journal={ACM Trans. Algorithms},
  volume={3},
  number={1},
  pages={2},
  year={2007},
  publisher={ACM}
}

@article{cole2003faster,
  title={Faster suffix tree construction with missing suffix links},
  author={Cole, Richard and Hariharan, Ramesh},
  journal={SIAM J. Comput.},
  volume={33},
  number={1},
  pages={26--42},
  year={2003},
  publisher={SIAM}
}

@inproceedings{kalai2002efficient,
  title={Efficient pattern-matching with don't cares},
  author={Kalai, Adam},
  booktitle={Proc. 13th SODA},
  pages={655--656},
  year={2002}
}

@inproceedings{amir1992efficient,
  title={Efficient randomized dictionary matching algorithms},
  author={Amir, Amihood and Farach, Martin and Matias, Yossi},
  booktitle={Proc. 3rd CPM},
  pages={262--275},
  year={1992}
}

@inproceedings{gasieniec1996randomized,
  title={Randomized efficient algorithms for compressed strings: {T}he finger-print approach},
  author={G\c{a}sieniec, Leszek and Karpinski, Marek and Plandowski, Wojciech and Rytter, Wojciech},
  booktitle={Proc. 7th CPM},
  pages={39--49},
  year={1996}
}

@inproceedings{andoni2006efficient,
  title={Efficient algorithms for substring near neighbor problem},
  author={Andoni, Alexandr and Indyk, Piotr},
  booktitle={Proc. 17th SODA},
  pages={1203--1212},
  year={2006}
}

@inproceedings{porat2009exact,
  title={Exact and approximate pattern matching in the streaming model},
  author={Porat, Benny and Porat, Ely},
  booktitle={Proc. 50th FOCS},
  pages={315--323},
  year={2009}
}

@inproceedings{cormode2005substring,
  title={Substring compression problems},
  author={Cormode, Graham and Muthukrishnan, S},
  booktitle={Proc. 16th SODA},
  pages={321--330},
  year={2005}
}


@article{lz78,
  title={Compression of individual sequences via variable-rate coding},
  author={Ziv, Jacob and Lempel, Abraham},
  journal={Information Theory, IEEE Trans. Inf. Theory},
  volume={24},
  number={5},
  pages={530--536},
  year={1978}
}


% Fingerprints
@article{karp1987efficient,
  title={Efficient randomized pattern-matching algorithms},
  author={Karp, Richard M and Rabin, Michael O},
  journal={IBM J. Res. Dev.},
  volume={31},
  number={2},
  pages={249--260},
  year={1987}
}