%%%%%%%%%%%%%%%%%%%%%%%%%%%%%%%%%%%%%%%%%%%%%%%%%%%%%%%%%%
%%%%%%%%%%%%%%%%%% Introduction
%%%%%%%%%%%%%%%%%%%%%%%%%%%%%%%%%%%%%%%%%%%%%%%%%%%%%%%%%%
@article{turing1936computable,
  title={On computable numbers, with an application to the Entscheidungsproblem},
  author={Turing, Alan Mathison},
  journal={J. of Math},
  volume={58},
  pages={345--363},
  year={1936}
}
@inproceedings{weiner1973linear,
    author = {Weiner, Peter},
    booktitle = {Proc. 14th SWAT},
    title = {{Linear pattern matching algorithms}},
    pages = {1--11},
    year = {1973}
}

%%%%%%%%%%%%%%%%%%%%%%%%%%%%%%%%%%%%%%%%%%%%%%%%%%%%%%%%%%
%%%%%%%%%%%%%%%%%% My Papers
%%%%%%%%%%%%%%%%%%%%%%%%%%%%%%%%%%%%%%%%%%%%%%%%%%%%%%%%%%
@inproceedings{bille2013fingerprints,
  title={Fingerprints in Compressed Strings},
  author={Bille, Philip and Cording, Patrick Hagge and G{\o}rtz, Inge Li and Sach, Benjamin and Vildh{\o}j, Hjalte Wedel and Vind, S{\o}ren},
  booktitle={Proc. 13th WADS},
  pages={146--157},
  year={2013},
}
  organization={Springer Berlin Heidelberg}
@inproceedings{grossi2014colored,
  title={Colored Range Searching in Linear Space},
  author={Grossi, Roberto and Vind, S{\o}ren},
  booktitle={Proc. 14th SWAT},
  pages={229--240},
  year={2014},
}
  publisher={Springer International Publishing}
@inproceedings{grossi2014output,
  title={Output-Sensitive Pattern Extraction in Sequences},
  author={Grossi, Roberto and Menconi, Giulia and Pisanti, Nadia and Trani, Roberto and Vind, S{\o}ren},
  booktitle={Proc. 34th FSTTCS},
  volume={29},
  pages={303--314},
  year={2014},
}

@inproceedings{vind2014indexing,
  title={Indexing Motion Detection Data for Surveillance Video},
  author={Vind, S{\o}ren and Bille, Philip and G{\o}rtz, Inge Li},
  pages={24--27},
  booktitle={Proc. IEEE ISM},
  year={2014},
}

@inproceedings{bille2015compressedrs,
  title={Compressed Data Structures for Range Searching},
  author={Bille, Philip and G{\o}rtz, Inge Li and Vind, S{\o}ren},
  pages={577--586},
  booktitle={Proc. 9th LATA},
  year={2015},
}

@inproceedings{bille2012string,
  title={String Indexing for Patterns with Wildcards},
  author={Bille, Philip and G{\o}rtz, Inge Li and Vildh{\o}j, Hjalte and Vind, S{\o}ren},
  booktitle={Proc. 13th SWAT},
  pages={283--294},
  year={2012},
}
  publisher={Springer}
@article{bille2014string,
  title={String indexing for patterns with wildcards},
  author={Bille, Philip and G{\o}rtz, Inge Li and Vildh{\o}j, Hjalte Wedel and Vind, S{\o}ren},
  journal={Theory Comput. Syst.},
  volume={55},
  number={1},
  pages={41--60},
  year={2014},
}
  publisher={Springer US}



%%%%%%%%%%%%%%%%%%%%%%%%%%%%%%%%%%%%%%%%%%%%%%%%%%%%%%%%%%
%%%%%%%%%%%%%%%%%% Fingerprints
%%%%%%%%%%%%%%%%%%%%%%%%%%%%%%%%%%%%%%%%%%%%%%%%%%%%%%%%%%

% Level Ancestor
@inproceedings{dietz1991finding,
  author    = {Paul F. Dietz},
  title     = {Finding Level-Ancestors in Dynamic Trees},
  booktitle = {Proc. 2nd WADS},
  year      = {1991},
  pages     = {32-40}
}

@article{berkman1994finding,
  title={Finding level-ancestors in trees},
  author={Berkman, Omer and Vishkin, Uzi},
  journal={J. Comput. System Sci.},
  volume={48},
  number={2},
  pages={214--230},
  year={1994}
}
@inproceedings{alstrup2000improved,
  title={Improved algorithms for finding level ancestors in dynamic trees},
  author={Alstrup, Stephen and Holm, Jacob},
  booktitle={Proc. 27th ICALP},
  pages={73--84},
  year={2000}
}
@article{bender2004level,
  title={The level ancestor problem simplified},
  author={Bender, Michael A. and Farach-Colton, Martin},
  journal={Theor. Comput. Sci.},
  volume={321},
  pages={5--12},
  year={2004}
}

% Predecessor
@article{van1976design,
  title={Design and implementation of an efficient priority queue},
  author={van Emde Boas, Peter and Kaas, Rob and Zijlstra, Erik},
  journal={Theory Comput. Syst.},
  volume={10},
  number={1},
  pages={99--127},
  year={1976}
}
@article{van1977preserving,
  title={Preserving order in a forest in less than logarithmic time and linear space},
  author={van Emde Boas, Peter},
  journal={Inform. Process. Lett.},
  volume={6},
  number={3},
  pages={80--82},
  year={1977},
}
  publisher={Elsevier}
@article{johnson1981priority,
  title={A priority queue in which initialization and queue operations take {$O(\log \log D)$} time},
  author={Johnson, Donald B.},
  journal={Math. Syst. Theory},
  volume={15},
  number={1},
  pages={295--309},
  year={1981},
}
  publisher={Springer}
@article{willard1983log,
  title={Log-logarithmic worst-case range queries are possible in space {$\Theta$(N)}},
  author={Willard, Dan E.},
  journal={Inform. Process. Lett.},
  volume={17},
  number={2},
  pages={81--84},
  year={1983}
}
@article{mehlhorn1990bounded,
  title={Bounded ordered dictionaries in {$O(\log \log N)$} time and {$O(n)$} space},
  author={Mehlhorn, Kurt and N{\"a}her, Stefan},
  journal={Inform. Process. Lett.},
  volume={35},
  number={4},
  pages={183--189},
  year={1990}
}
@article{andersson1999general,
  title={General balanced trees},
  author={Andersson, Arne},
  journal={J. Algorithms},
  volume={30},
  number={1},
  pages={1--18},
  year={1999}
}
@book{overmars1983design,
  author={Overmars, Mark},
   title = {{Design of Dynamic Data Structures}},
   year = {1987},
}
   isbn = {038712330X}


% SLP Random Access
@inproceedings{bille2011random,
  title={Random access to grammar-compressed strings},
  author={Bille, Philip and Landau, Gad M. and Raman, Rajeev and Sadakane, Kunihiko and Satti, Srinivasa Rao and Weimann, Oren},
  booktitle={Proc. 22nd SODA},
  pages={373--389},
  year={2011}
}
@inproceedings{verbin2013data,
  title={Data structure lower bounds on random access to grammar-compressed strings},
  author={Verbin, Elad and Yu, Wei},
  booktitle={Proc. 24th CPM},
  pages={247--258},
  year={2013},
}
  organization={Springer}

% General LCE
@inproceedings{bille12lce,
  author    = {Philip Bille and
               Inge Li G{\o}rtz and
               Benjamin Sach and
               Hjalte Wedel Vildh{\o}j},
  title     = {Time-Space Trade-Offs for Longest Common Extensions},
  booktitle = {Proc. 23rd CPM},
  year      = {2012},
  pages     = {293--305},
}
  ee        = {http://dx.doi.org/10.1007/978-3-642-31265-6_24},
  bibsource = {DBLP, http://dblp.uni-trier.de}


% Fusion Trees, Atomic heaps
@article{fredmanwillardfusion,
	Author = {Michael L. Fredman and Dan E. Willard},
	Date-Modified = {2007-04-19 09:43:12 +0200},
	Journal = {J. Comput. System Sci.},
	Number = {3},
	Pages = {424--436},
	Title = {Surpassing the information theoretic bound with fusion trees},
	Volume = {47},
	Year = {1993}}

@inproceedings{Hagerup1998,
	Author = {Torben Hagerup},
	Booktitle = {Proc. 15th STACS},
	Pages = {366--398},
	Title = {Sorting and Searching on the {W}ord {RAM}},
	Year = {1998}
	}

% Fingerprints
@article{karp1987efficient,
  title={Efficient randomized pattern-matching algorithms},
  author={Karp, Richard M. and Rabin, Michael O.},
  journal={IBM J. Res. Dev.},
  volume={31},
  number={2},
  pages={249--260},
  year={1987}
}

%% Unsorted
@article{kaporis2013improved,
  title={{Improved Bounds for Finger Search on a RAM}},
  author={Kaporis, Alexis and Makris, Christos and Sioutas, Spyros and Tsakalidis, Athanasios and Tsichlas, Kostas and Zaroliagis, Christos},
  journal={Algorithmica},
  pages={1--38},
  year={2013},
}
  publisher={Springer}
@article{andersson2007dynamic,
  title={Dynamic ordered sets with exponential search trees},
  author={Andersson, Arne and Thorup, Mikkel},
  journal={J. ACM},
  volume={54},
  number={3},
  pages={13},
  year={2007},
}
  publisher={ACM}
@article{claude2011self,
  title={Self-indexed grammar-based compression},
  author={Claude, Francisco and Navarro, Gonzalo},
  journal={Fund. inform.},
  volume={111},
  number={3},
  pages={313--337},
  year={2011},
}
  publisher={IOS Press}

@article{charikar2005smallest,
  title={The smallest grammar problem},
  author={Charikar, Moses and Lehman, Eric and Liu, Ding and Panigrahy, Rina and Prabhakaran, Manoj and Sahai, Amit and Shelat, Abbi},
  journal={IEEE Trans. Inf. Theory},
  volume={51},
  number={7},
  pages={2554--2576},
  year={2005}
}

@article{rytter2003application,
  title={Application of {L}empel--{Z}iv factorization to the approximation of grammar-based compression},
  author={Rytter, Wojciech},
  journal={Theor. Comput. Sci.},
  volume={302},
  number={1},
  pages={211--222},
  year={2003}
}

@inproceedings{gasieniec2005real,
  title={Real-time traversal in grammar-based compressed files},
  author={G\c{a}sieniec, Leszek and Kolpakov, Roman and Potapov, Igor and Sant, Paul},
  booktitle={Proc. 15th DCC},
  pages={458},
  year={2005}
}

@article{ukkonen1992approximate,
  title={Approximate string-matching with $q$-grams and maximal matches},
  author={Ukkonen, Esko},
  journal={Theor. Comput. Sci.},
  volume={92},
  number={1},
  pages={191--211},
  year={1992},
}
  publisher={Elsevier}

@article{fingerpred,
  title={Predecessor search with distance-sensitive query time},
  author={Belazzougui, Djamal and Boldi, Paolo and Vigna, Sebastiano},
  journal={arXiv:1209.5441},
  year={2012},
}

@article{gagiefingerprint,
  title={A faster grammar-based self-index},
  author={Travis Gagie and Pawel Gawrychowski and Juha K{\"a}rkk{\"a}inen and Yakov Nekrich and Simon J. Puglisi},
  journal={arXiv:1209.5441},
  year={2012}
}


% new
@article{farach1998string,
  title={String Matching in {L}empel--{Z}iv Compressed Strings},
  author={Farach, Martin and Thorup, Mikkel},
  journal={Algorithmica},
  volume={20},
  number={4},
  pages={388--404},
  year={1998}
}

@inproceedings{sutinen1995using,
  title={On using q-gram locations in approximate string matching},
  author={Sutinen, Erkki and Tarhio, Jorma},
  booktitle={Proc. 3rd ESA},
  pages={327--340},
  year={1995}
}

@article{cormode2007string,
  title={The string edit distance matching problem with moves},
  author={Cormode, Graham and Muthukrishnan, S.},
  journal={ACM Trans. Alg.},
  volume={3},
  number={1},
  pages={2},
  year={2007},
}
  publisher={ACM}

@article{cole2003faster,
  title={Faster suffix tree construction with missing suffix links},
  author={Cole, Richard and Hariharan, Ramesh},
  journal={SIAM J. Comput.},
  volume={33},
  number={1},
  pages={26--42},
  year={2003},
}
  publisher={SIAM}

@inproceedings{kalai2002efficient,
  title={Efficient pattern-matching with don't cares},
  author={Kalai, Adam},
  booktitle={Proc. 13th SODA},
  pages={655--656},
  year={2002}
}

@inproceedings{amir1992efficient,
  title={Efficient randomized dictionary matching algorithms},
  author={Amir, Amihood and Farach, Martin and Matias, Yossi},
  booktitle={Proc. 3rd CPM},
  pages={262--275},
  year={1992}
}

@inproceedings{gasieniec1996randomized,
  title={Randomized efficient algorithms for compressed strings: {T}he finger-print approach},
  author={G\c{a}sieniec, Leszek and Karpinski, Marek and Plandowski, Wojciech and Rytter, Wojciech},
  booktitle={Proc. 7th CPM},
  pages={39--49},
  year={1996}
}

@inproceedings{andoni2006efficient,
  title={Efficient algorithms for substring near neighbor problem},
  author={Andoni, Alexandr and Indyk, Piotr},
  booktitle={Proc. 17th SODA},
  pages={1203--1212},
  year={2006}
}

@inproceedings{porat2009exact,
  title={Exact and approximate pattern matching in the streaming model},
  author={Porat, Benny and Porat, Ely},
  booktitle={Proc. 50th FOCS},
  pages={315--323},
  year={2009}
}

@inproceedings{cormode2005substring,
  title={Substring compression problems},
  author={Cormode, Graham and Muthukrishnan, S.},
  booktitle={Proc. 16th SODA},
  pages={321--330},
  year={2005}
}



%%%%%%%%%%%%%%%%%%%%%%%%%%%%%%%%%%%%%%%%%%%%%%%%%%%%%%%%%%
%%%%%%%%%%%%%%%%%% Pattern Extraction
%%%%%%%%%%%%%%%%%%%%%%%%%%%%%%%%%%%%%%%%%%%%%%%%%%%%%%%%%%

@incollection{abouelhoda2010string,
  title={String Mining in Bioinformatics},
  author={Abouelhoda, Mohamed Ibrahim and Ghanem, Moustafa},
  booktitle={Scientific Data Mining and Knowledge Discovery},
  pages={207--247},
  year={2010}
}

@article{abouelhoda2004replacing,
  title={Replacing suffix trees with enhanced suffix arrays},
  author={Abouelhoda, Mohamed Ibrahim and Kurtz, Stefan and Ohlebusch, Enno},
  journal={JDA},
  volume={2},
  number={1},
  pages={53--86},
  year={2004}
}

@incollection{apostolico2006bridging,
  title={Bridging lossy and lossless compression by motif pattern discovery},
  author={Apostolico, Alberto and Comin, Matteo and Parida, Laxmi},
  booktitle={{General Theory of Information Transfer and Combinatorics}},
  pages={793--813},
  year={2006}
}

@inproceedings{baker1995finding,
  title={On finding duplication and near-duplication in large software systems},
  author={Baker, Brenda S.},
  booktitle={Proc. 2nd WCRE},
  pages={86--95},
  year={1995}
}

@inproceedings{brin1995copy,
  title={Copy detection mechanisms for digital documents},
  author={Brin, Sergey and Davis, James and Garcia-Molina, Hector},
  booktitle={Proc. ACM SIGMOD},
  pages={398--409},
  year={1995}
}
  volume={24},
  number={2},

@article{chang2003automatic,
  title={Automatic information extraction from semi-structured web pages by pattern discovery},
  author={Chang, Chia-Hui and Hsu, Chun-Nan and Lui, Shao-Cheng},
  journal={Decis. Support. Syst.},
  year={2003},
  volume={34},
  number={1},
  pages={129--147},
}

@article{chen2004shared,
  title={Shared information and program plagiarism detection},
  author={Chen, Xin and Francia, Brent and Li, Ming and Mckinnon, Brian and Seker, Amit},
  journal={IEEE Trans. Inf. Theory},
  volume={50},
  number={7},
  pages={1545--1551},
  year={2004}
}

@article{debar1999towards,
  title={Towards a taxonomy of intrusion-detection systems},
  author={Debar, Herv{\'e} and Dacier, Marc and Wespi, Andreas},
  journal={Computer Networks},
  volume={31},
  number={8},
  pages={805--822},
  year={1999}
}

@article{tcsFP09,
author = {Maria Federico and Nadia Pisanti},
title = {Suffix tree characterization of maximal motifs in biological sequences},
journal = {Theor. Comput. Sci.},
volume = {410},
number = {43},
year = {2009},
pages = {4391-4401},
}
ee = {http://dx.doi.org/10.1016/j.tcs.2009.07.020},
bibsource = {DBLP, http://dblp.uni-trier.de}

@article{grossi2011madmx,
  title={{MADMX: A strategy for maximal dense motif extraction}},
  author={Grossi, Roberto and Pietracaprina, Andrea and Pisanti, Nadia and Pucci, Geppino and Upfal, Eli and Vandin, Fabio},
  journal={J. Comp. Biol.},
  year={2011},
  volume={18},
  number={4},
  pages={535--545},
}

@article{harel1984fast,
  title={Fast algorithms for finding nearest common ancestors},
  author={Harel, Dov and Tarjan, Robert E.},
  journal={SIAM J. Comput.},
  volume={13},
  number={2},
  pages={338--355},
  year={1984}
}

@article{mabroukeh2010taxonomy,
  title={A taxonomy of sequential pattern mining algorithms},
  author={Mabroukeh, Nizar R. and Ezeife, Christie I},
  journal={ACM CSUR},
  volume={43},
  number={1},
  pages={3},
  year={2010}
}

@Article{McCreight,
 title =	"A Space-Economical Suffix Tree Construction
Algorithm",
 author =	"Edward M. McCreight",
 area = "Information Retrieval",
 pages =	"262--272",
 journal =	"J. ACM",
 month =	apr,
 year = "1976",
 volume =	"23",
 number =	"2",
}

@inproceedings{Parida00,
author = {Laxmi Parida and
Isidore Rigoutsos and
Aris Floratos and
Daniel E. Platt and
Yuan Gao},
title = {Pattern discovery on character sets and real-valued data:
linear bound on irredundant motifs and an efficient polynomial
time algorithm},
booktitle = {Proc. 11th SODA},
year = {2000},
pages = {297-308},
}
ee = {http://dl.acm.org/citation.cfm?id=338219.338266},

@inproceedings{P+01,
author = {Parida, Laxmi and Rigoutsos, Isidore and Platt, Dan},
title = {An Output-Sensitive Flexible Pattern Discovery Algorithm},
booktitle = {Proc. 12th CPM},
year = {2001},
pages = {131-142},
}

@inproceedings{pichl2006symbolic,
  title={On the symbolic analysis of market indicators with the dynamic programming approach},
  author={Pichl, Luk{\'a}{\v{s}} and Yamano, Takuya and Kaizoji, Taisei},
  year={2006},
  booktitle={Proc. 3rd ISNN},
  pages={432--441},
}

@inproceedings{rigoutsos2004chung,
  title={{Chung-Kwei: a Pattern-discovery-based System for the Automatic Identification of Unsolicited E-mail Messages}},
  author={Rigoutsos, Isidore and Huynh, Tien},
  booktitle={CEAS},
  year={2004}
}

@incollection{sagot1998spelling,
  title={Spelling approximate repeated or common motifs using a suffix tree},
  author={Sagot, Marie-France},
  booktitle={Proc. 3rd LATIN},
  pages={374--390},
  year={1998}
}

@inproceedings{sherkat2006efficiently,
  title={Efficiently evaluating order preserving similarity queries over historical market-basket data},
  author={Sherkat, Reza and Rafiei, Davood},
  booktitle={Proc. 22nd ICDE},
  pages={19--19},
  year={2006}
}

@article{tcsUkkonen09,
author = {Esko Ukkonen},
title = {Maximal and minimal representations of gapped and non-gapped motifs of a string},
journal = {Theor. Comput. Sci.},
volume = {410},
number = {43},
year = {2009},
pages = {4341-4349},
}




%%%%%%%%%%%%%%%%%%%%%%%%%%%%%%%%%%%%%%%%%%%%%%%%%%%%%%%%%%
%%%%%%%%%%%%%%%%%% Colored Range Counting
%%%%%%%%%%%%%%%%%%%%%%%%%%%%%%%%%%%%%%%%%%%%%%%%%%%%%%%%%%
@article{nekrich2009orthogonal,
  title={{Orthogonal Range Searching in Linear and Almost-linear Space}},
  author={Nekrich, Yakov},
  journal={Comput. Geom. Theory Appl.},
  volume={42},
  number={4},
  pages={342--351},
  year={2009}
}

@article{janardan1993generalized,
  title={Generalized intersection searching problems},
  author={Janardan, Ravi and Lopez, Mario},
  journal={IJCGA},
  volume={3},
  number={01},
  pages={39--69},
  year={1993}
}

@article{shi2005optimal,
  title={Optimal and near-optimal algorithms for generalized intersection reporting on pointer machines},
  author={Shi, Qingmin and J{\'a}J{\'a}, Joseph},
  journal={Inform. Process. Lett.},
  volume={95},
  number={3},
  pages={382--388},
  year={2005}
}

@article{gupta1997technique,
  title={A technique for adding range restrictions to generalized searching problems},
  author={Gupta, Prosenjit and Janardan, Ravi and Smid, Michiel},
  journal={Inform. Process. Lett.},
  volume={64},
  number={5},
  pages={263--269},
  year={1997}
}

@book{van1992new,
  title={New results on data structures in computational geometry},
  author={van Kreveld, Marc},
  year={1992},
  publisher={PhD thesis, University of Utrecht}
}

@inproceedings{bozanis1995new,
  title={New Upper Bounds for Generalized Intersection Searching Problems},
  author={Bozanis, Panayiotis and Kitsios, Nectarios and Makris, Christos and Tsakalidis, Athanasios K.},
  booktitle={Proc. 22nd ICALP},
  pages={464--474},
  year={1995}
}
@techreport{mortensen2003generalized,
  title={Generalized static orthogonal range searching in less space},
  author={Mortensen, Christian W.},
  year={2003},
  institution={TR-2003-22, ITU Copenhagen}
}

@article{gupta1995further,
  title={{Further Results on Generalized Intersection Searching Problems: Counting, Reporting, and Dynamization}},
  author={Gupta, Prosenjit and Janardan, Ravi and Smid, Michiel},
  journal={J. Algorithms},
  volume={19},
  number={2},
  pages={282--317},
  year={1995}
}

@inproceedings{kaplan2007counting,
  title={Counting colors in boxes},
  author={Kaplan, Haim and Rubin, Natan and Sharir, Micha and Verbin, Elad},
  booktitle={Proc. 18th SODA},
  pages={785--794},
  year={2007}
}

@inproceedings{larsen2013near,
  title={{Near-Optimal Range Reporting Structures for Categorical Data.}},
  author={Larsen, Kasper Green and van Walderveen, Freek},
  booktitle={Proc. 24th SODA},
  pages={265--276},
  year={2013}
}

@article{nekrich2014efficient,
  title={Efficient range searching for categorical and plain data},
  author={Nekrich, Yakov},
  journal={ACM TODS},
  volume={39},
  number={1},
  pages={9},
  year={2014}
}


% 1D
@inproceedings{nekrich2013optimal,
  title={Optimal color range reporting in one dimension},
  author={Nekrich, Yakov and Vitter, Jeffrey Scott},
  booktitle={Proc. 21st ESA},
  pages={743--754},
  year={2013}
}

% 1D
@article{gagie2012colored,
  title={Colored range queries and document retrieval},
  author={Gagie, Travis and K{\"a}rkk{\"a}inen, Juha and Navarro, Gonzalo and Puglisi, Simon J.},
  journal={Theor. Comput. Sci.},
  year={2012}
}

% IO
@inproceedings{nekrich2012space,
  title={Space-efficient range reporting for categorical data},
  author={Nekrich, Yakov},
  booktitle={Proc. 31st PODS},
  pages={113--120},
  year={2012}
}

@inproceedings{jaja2005space,
  title={Space-efficient and fast algorithms for multidimensional dominance reporting and counting},
  author={J{\'a}J{\'a}, Joseph and Mortensen, Christian W. and Shi, Qingmin},
  booktitle={Proc. 15th ISAAC},
  pages={558--568},
  year={2005}
}
@inproceedings{patrascu2007lower,
  title={Lower bounds for 2-dimensional range counting},
  author={P{\u{a}}tra{\c{s}}cu, Mihai},
  booktitle={Proc. 39th STOC},
  pages={40--46},
  year={2007}
}

%% Matrix multiplication
@inproceedings{williams2012multiplying,
  title={{Multiplying matrices faster than Coppersmith-Winograd}},
  author={Williams, Virginia Vassilevska},
  booktitle={Proc. 44th STOC},
  pages={887--898},
  year={2012}
}

% Related work (Colored Range Reporting)
@inproceedings{larsen2012efficient,
  title={{I/O-efficient data structures for colored range and prefix reporting}},
  author={Larsen, Kasper Green and Pagh, Rasmus},
  booktitle={Proc. 23rd SODA},
  pages={583--592},
  year={2012}
}

@inproceedings{agarwal2002range,
  title={{Range searching in categorical data: Colored range searching on grid}},
  author={Agarwal, Pankaj K. and Govindarajan, Sathish and Muthukrishnan, S.},
  booktitle={Proc. 10th ESA},
  pages={17--28},
  year={2002}
}

%Approximate
@inproceedings{lai2005approximate,
  title={Approximate colored range queries},
  author={Lai, Ying Kit and Poon, Chung Keung and Shi, Benyun},
  booktitle={Proc. 16th ISAAC},
  pages={360--369},
  year={2005}
}
@article{lai2008approximate,
  title={Approximate colored range and point enclosure queries},
  author={Lai, Ying Kit and Poon, Chung Keung and Shi, Benyun},
  journal={J. Discrete Algorithms},
  volume={6},
  number={3},
  pages={420--432},
  year={2008}
}

@book{de2008orthogonal,
 author = {Berg, Mark de and Cheong, Otfried and Kreveld, Marc van and Overmars, Mark},
 title = {Computational Geometry: Algorithms and Applications},
 year = {2008},
 edition = {3rd},
}
 isbn = {3540779736, 9783540779735},

%%%%%%%%%%%%%%%%%%%%%%%%%%%%%%%%%%%%%%%%%%%%%%%%%%%%%%%%%%
%%%%%%%%%%%%%%%%%% Compressed Range Searching
%%%%%%%%%%%%%%%%%%%%%%%%%%%%%%%%%%%%%%%%%%%%%%%%%%%%%%%%%%

@article{zhu2002efficient,
  title={{An Efficient Data Management Approach for Large Cyber-City GIS}},
  author={Zhu, Qing and Yao, Xuefeng and Huang, Duo and Zhang, Yetin},
  journal={ISPRS Archives},
  pages={319--323},
  year={2002},
  }
  publisher={NATURAL RESOURCES CANADA}
  volume={34},
  number={4},
  

% Gives compression scheme for individual nodes in B, R, X-trees
@inproceedings{goldstein1998compressing,
  title={Compressing relations and indexes},
  author={Goldstein, Jonathan and Ramakrishnan, Raghu and Shaft, Uri},
  booktitle={Proc. 14th ICDE},
  pages={370--379},
  year={1998},
}
  organization={IEEE}

@article{pajarola2000image,
  title={An image compression method for spatial search},
  author={Pajarola, Renato and Widmayer, Peter},
  journal={IEEE Trans. Image Processing},
  volume={9},
  number={3},
  pages={357--365},
  year={2000},
}
  publisher={IEEE}

@article{dick2009a,
  title = {Efficient Geometry Compression for GPU-based Decoding in Realtime Terrain Rendering},
  author = {Dick, Christian and Schneider, Jens and Westermann, Ruediger},
  journal = {Comput. Graph. Forum},
  volume = {28},
  number = {1},
  pages = {67-83},
  year = {2009},
}

@article{haegler2010a,
  title = {Grammar-based Encoding of Facades},
  author = {Haegler, Simon and Wonka, Peter and Arisona, Stefan Mueller and Van Gool, Luc and Mueller, Pascal},
  journal = {Comput. Graph. Forum},
  volume = {29},
  number = {4},
  pages = {1479-1487},
  year = {2010},
}

@article{munteanu1999wavelet,
  title={Wavelet-based lossless compression scheme with progressive transmission capability},
  author={Munteanu, Adrian and Cornelis, Jan and Van der Auwera, Geert and Cristea, Paul},
  journal={Int. J. Imag. Syst. Tech.},
  volume={10},
  number={1},
  pages={76--85},
  year={1999},
}

@inproceedings{Galli98compressionof,
    author = {Nicola Galli and Bernhard Seybold and Klaus Simon},
    title = {Compression of Sparse Matrices: Achieving Almost Minimal Table Size},
    booktitle = {Proc. ALEX},
    year = {1998},
    pages = {27--33}
}
@article{tetko2001pattern,
  title={A pattern grouping algorithm for analysis of spatiotemporal patterns in neuronal spike trains.},
  author={Tetko, Igor V. and Villa, Alessandro E. P.},
  journal={J. Neurosci. Meth.},
  volume={105},
  number={1},
  pages={1--14},
  year={2001},
}
@inproceedings{schindler2008detecting,
  title={Detecting and matching repeated patterns for automatic geo-tagging in urban environments},
  author={Schindler, Grant and Krishnamurthy, Panchapagesan and Lublinerman, Roberto and Liu, Yanxi and Dellaert, Frank},
  booktitle={CVPR},
  pages={1--7},
  year={2008},
}



%%%%%%%%%%%%%%%%%%%%%%%%%%%
%% THIS IS (MOSTLY) A WELL-ORGANIZED BIBTEX FILE, WITH PAPERS ORGANIZED INTO THEIR BASIC SUBJECT.
%% PLEASE KEEP IT THAT WAY!
%%
%% OBVIOUSLY THIS IS TO MAKE IT EASY TO MAKE REFERENCES TO THE SUBJECTS LATER :)
%%%%%%%%%%%%%%%%%%%%%%%%%%%

% K2 and related
@inproceedings{brisaboa2009k2,
  title={K2-trees for compact web graph representation},
  author={Brisaboa, Nieves R. and Ladra, Susana and Navarro, Gonzalo},
  booktitle={Proc. 16th SPIRE},
  pages={18--30},
  year={2009}
}
@inproceedings{brisaboaainterleaved,
  title={Interleaved K2-Tree: Indexing and Navigating Ternary Relations},
  author={Garcia, Sandra Alvarez and Brisaboa, Nieves R. and Bernardo, Guillermo de and Navarro, Gonzalo},
  booktitle={Proc. DCC},
  pages={342--351},
  year={2014}
}
@inproceedings{de2013compact,
  title={Compact Querieable Representations of Raster Data},
  author={de Bernardo, Guillermo and {\'A}lvarez-Garc{\'\i}a, Sandra and Brisaboa, Nieves R. and Navarro, Gonzalo and Pedreira, Oscar},
  booktitle={Proc. 20th SPIRE},
  pages={96--108},
  year={2013}
}


%% Tree2SLP
@article{downey1980variations,
  title={Variations on the common subexpression problem},
  author={Downey, Peter J. and Sethi, Ravi and Tarjan, Robert Endre},
  journal={J. ACM},
  volume={27},
  number={4},
  pages={758--771},
  year={1980}
}

%% Clustering
@article{king1967step,
  title={Step-wise clustering procedures},
  author={King, Benjamin},
  journal={J. Am. Statist. Assoc.},
  volume={62},
  number={317},
  pages={86--101},
  year={1967}
}
@book{sneath1973numerical,
  title={Numerical taxonomy. The principles and practice of numerical classification.},
  author={Sneath, Peter H A and Sokal, Robert R},
  year={1973}
}
@article{ward1963hierarchical,
  title={Hierarchical grouping to optimize an objective function},
  author={Ward Jr, Joe H},
  journal={J. Am. Statist. Assoc.},
  volume={58},
  number={301},
  pages={236--244},
  year={1963}
}
@article{jain1999data,
  title={{Data Clustering: A Review}},
  author={Jain, Anil K and Murty, M Narasimha and Flynn, Patrick J},
  journal={ACM CSUR},
  volume={31},
  number={3},
  pages={264--323},
  year={1999}
}

%% Range Queries
% B
@article{bayer1972organization,
  title={Organization and maintenance of large ordered indexes},
  author={Bayer, Rudolf and McCreight, Edward M.},
  journal={Acta Informatica},
  volume={1},
  number={3},
  pages={173--189},
  year={1972}
}
% B variants
@article{comer1979ubiquitous,
  title={{Ubiquitous B-tree}},
  author={Comer, Douglas},
  journal={ACM CSUR},
  volume={11},
  number={2},
  pages={121--137},
  year={1979}
}
% R
@inproceedings{guttman1984r,
  title={{R-trees: A dynamic index structure for spatial searching}},
  author={Guttman, Antonin},
  booktitle={Proc. ACM SIGMOD},
  pages = {47--57},
  year={1984}
}
  volume={14},
  number={2},
% R+
@inproceedings{sellis1987r+,
  title={{The R+-tree: A dynamic index for multidimensional objects}},
  author={Sellis, Timos and Roussopoulos, Nick and Faloutsos, Christos},
  booktitle={Proc. 13th VLDB},
  pages={507--518},
  year={1987}
}
% R*
@inproceedings{beckmann1990r,
  title={{The R*-tree: an efficient and robust access method for points and rectangles}},
  author={Beckmann, Norbert and Kriegel, Hans-Peter and Schneider, Ralf and Seeger, Bernhard},
  booktitle={Proc. ACM SIGMOD},
  pages = {322--331},
  year={1990}
}
  volume={19},
  number={2},
% X
@inproceedings{berchtold1996x,
  title={{The X-tree: An Index Structure for High-Dimensional Data}},
  author={Berchtold, Stefan and Keim, Daniel A and Kriegel, Hans-Peter},
  booktitle={Proc. 22th VLDB},
  pages={28--39},
  year={1996}
}
% kd
@article{bentley1975multidimensional,
  title={Multidimensional binary search trees used for associative searching},
  author={Bentley, Jon Louis},
  journal={Comm. ACM},
  volume={18},
  number={9},
  pages={509--517},
  year={1975}
}
@article{bentley1979multidimensional,
  title={Multidimensional binary search trees in database applications},
  author={Bentley, Jon Louis},
  journal={IEEE Trans. Softw. Eng.},
  number={4},
  pages={333--340},
  year={1979}
}
% range
@article{bentley1979decomposable,
  title={Decomposable searching problems},
  author={Bentley, Jon Louis},
  journal={Inform. Process. Lett.},
  volume={8},
  number={5},
  pages={244--251},
  year={1979}
}
@inproceedings{lueker1978data,
  title={A data structure for orthogonal range queries},
  author={Lueker, George S.},
  booktitle={Proc. 19th FOCS},
  pages={28--34},
  year={1978}
}
@article{lee1980quintary,
  title={Quintary trees: a file structure for multidimensional database systems},
  author={Lee, D. T. and Wong, C. K.},
  journal={ACM TODS},
  volume={5},
  number={3},
  pages={339--353},
  year={1980}
}
% quadtrees
@article{orenstein1982multidimensional,
  title={Multidimensional tries used for associative searching},
  author={Orenstein, Jack A.},
  journal={Inform. Process. Lett.},
  volume={14},
  number={4},
  pages={150--157},
  year={1982}
}
% compressed quad
@inproceedings{clarkson1983fast,
  title={Fast algorithms for the all nearest neighbors problem},
  author={Clarkson, Kenneth L.},
  booktitle={Proc. 24th FOCS},
  volume={83},
  pages={226--232},
  year={1983}
}
@article{arge2008priority,
  title={{The Priority R-tree: A practically efficient and worst-case optimal R-tree}},
  author={Arge, Lars and Berg, Mark De and Haverkort, Herman and Yi, Ke},
  journal={ACM Trans. Alg.},
  volume={4},
  number={1},
  pages={9},
  year={2008}
}
@inproceedings{robinson1981kdb,
  title={{The KDB-tree: a search structure for large multidimensional dynamic indexes}},
  author={Robinson, John T.},
  booktitle={Proc. ACM SIGMOD},
  pages={10--18},
  year = {1981},
}
@inproceedings{procopiuc2003bkd,
  title={{Bkd-tree: A dynamic scalable kd-tree}},
  author={Procopiuc, Octavian and Agarwal, Pankaj K. and Arge, Lars and Vitter, Jeffrey Scott},
  booktitle={Proc. 8th SSTD},
  pages={46--65},
  year={2003}
}
% Divided kd
@article{van1991dividedk,
  title={Divided k-d trees},
  author={van Kreveld, Marc and Overmars, Mark},
  journal={Algorithmica},
  volume={6},
  number={1-6},
  pages={840--858},
  year={1991}
}
% O, C tree
@inproceedings{kanth1999optimal,
  title={{Optimal Dynamic Range Searching in Non-replicating Index Structures}},
  author={Kanth, Kothuri Venkata Ravi and Singh, Ambuj},
  booktitle={Proc. 7th ICDT},
  pages={257--276},
  year={1999}
}
% RQ Survey
@article{gaede1998multidimensional,
  title={Multidimensional access methods},
  author={Gaede, Volker and G{\"u}nther, Oliver},
  journal={ACM CSUR},
  volume={30},
  number={2},
  pages={170--231},
  year={1998}
}
% LSD
@inproceedings{henrich1989lsd,
  title={{The LSD tree: spatial access to multidimensional and non-point objects}},
  author={Henrich, Andreas and Six, Hans-Werner and Widmayer, Peter},
  booktitle={Proc. 15th VLDB},
  pages={45--53},
  year={1989}
}
% Buddy
@inproceedings{seeger1990buddy,
  title={{The Buddy-Tree: An Efficient and Robust Access Method for Spatial Data Base Systems}},
  author={Seeger, Bernhard and Kriegel, Hans-Peter},
  booktitle={Proc. 16th VLDB},
  pages={590--601},
  year={1990}
}
% GRID
@article{nievergelt1984grid,
  title={{The Grid File: An Adaptable, Symmetric Multikey File Structure}},
  author={Nievergelt, J{\"u}rg and Hinterberger, Hans and Sevcik, Kenneth C},
  journal={ACM TODS},
  volume={9},
  number={1},
  pages={38--71},
  year={1984}
}
% BANG
@inproceedings{freeston1987bang,
  title={{The BANG file: A new kind of grid file}},
  author={Freeston, Michael},
  booktitle={Proc. ACM SIGMOD},
  pages={260--269},
  year={1987}
}
  volume={16},
  number={3},
% SKD
@inproceedings{ooi1987spatial,
  title={Spatial kd-tree: An indexing mechanism for spatial databases},
  author={Ooi, Beng Chin and McDonell, Ken J. and Sacks-Davis, Ron},
  booktitle={Proc. IEEE COMPSAC},
  pages={433--438},
  year={1987}
}

% succinct/entropy, points, grid
@inproceedings{bose2009succinct,
  title={Succinct orthogonal range search structures on a grid with applications to text indexing},
  author={Bose, Prosenjit and He, Meng and Maheshwari, Anil and Morin, Pat},
  booktitle={Proc. 11th WADS},
  pages={98--109},
  year={2009}
}
@article{makinen2007rank,
  title={Rank and select revisited and extended},
  author={M{\"a}kinen, Veli and Navarro, Gonzalo},
  journal={Theor. Comput. Sci.},
  volume={387},
  number={3},
  pages={332--347},
  year={2007}
}
@article{farzan2014entropy,
  title={Entropy-bounded representation of point grids},
  author={Farzan, Arash and Gagie, Travis and Navarro, Gonzalo},
  journal={CGTA},
  volume={47},
  number={1},
  pages={1--14},
  year={2014}
}
@inproceedings{barbay2010compact,
  title={{Compact rich-functional binary relation representations}},
  author={Barbay, J{\'e}r{\'e}my and Claude, Francisco and Navarro, Gonzalo},
  booktitle={Proc. 9th LATIN},
  pages={170--183},
  year={2010}
}

% SLP algorithmics
@article{lohrey2012algorithmics,
  title={{Algorithmics on SLP-compressed strings: a survey}},
  author={Lohrey, Markus},
  year={2012},
  journal={Groups Complexity Cryptology},
  volume={4},
  number={2},
  pages={241--299}
}
% FP SLP
@inproceedings{bille2013fingerprints,
  title={{Fingerprints in Compressed Strings}},
  author={Bille, Philip and Cording, Patrick Hagge and G{\o}rtz, Inge Li and Sach, Benjamin and Vildh{\o}j, Hjalte Wedel and Vind, S{\o}ren},
  booktitle={Proc. 13th WADS},
  year={2013},
  pages={145--157}
}
% applications
@book{samet1990applications,
  title={Applications of spatial data structures},
  author={Samet, Hanan},
  year={1990}, 
  publisher={Addison-Wesley}
}

% Logarithmic Method
@article{bentley1980decomposable,
  title={{Decomposable searching problems I. Static-to-dynamic transformation}},
  author={Bentley, Jon Louis and Saxe, James B.},
  journal={J. Algorithms},
  volume={1},
  number={4},
  pages={301--358},
  year={1980}
}
% Logarithmic Method, External
@article{arge2004efficient,
  title={{I/O-efficient dynamic planar point location}},
  author={Arge, Lars and Vahrenhold, Jan},
  journal={CGTA},
  volume={29},
  number={2},
  pages={147--162},
  year={2004}
}

% Skip Quad
@article{eppstein2008skip,
  title={{Skip quadtrees: Dynamic data structures for multidimensional point sets}},
  author={Eppstein, David and Goodrich, Michael T. and Sun, Jonathan Z.},
  journal={IJCGA},
  volume={18},
  number={01n02},
  pages={131--160},
  year={2008}
}


%%%%%%%%%%%%%%%%%%%%%%%%%%%%%%%%%%%%%%%%%%%%%%%%%%%%%%%%%%
%%%%%%%%%%%%%%%%%% Motion Detection
%%%%%%%%%%%%%%%%%%%%%%%%%%%%%%%%%%%%%%%%%%%%%%%%%%%%%%%%%%

@article{sachs1994real,
  title={Real-time motion detection in spiral MRI using navigators},
  author={Sachs, Todd S. and Meyer, Craig H. and Hu, Bob S. and Kohli, Jim and Nishimura, Dwight G. and Macovski, Albert},
  journal={Magn. Reson. Med.},
  volume={32},
  number={5},
  pages={639--645},
  year={1994}
},
  publisher={Wiley Online Library}
@inproceedings{tian2005robust,
  title={Robust salient motion detection with complex background for real-time video surveillance},
  author={Tian, Ying-Li and Hampapur, Arun},
  booktitle={WACV},
  year={2005},
}
  volume={2},
  pages={30--35},
  year={2005},
  organization={IEEE}
@article{hu2004survey,
  title={A survey on visual surveillance of object motion and behaviors},
  author={Hu, Weiming and Tan, Tieniu and Wang, Liang and Maybank, Steve},
  journal={IEEE Trans. SMC},
  volume={34},
  number={3},
  pages={334--352},
  year={2004},
}
  publisher={IEEE}
@article{huang2011advanced,
  title={An advanced motion detection algorithm with video quality analysis for video surveillance systems},
  author={Huang, Shih-Chia},
  journal={IEEE Trans. CSVT},
  volume={21},
  number={1},
  pages={1--14},
  year={2011},
}
  publisher={IEEE}
@article{cutler2000robust,
  title={Robust real-time periodic motion detection, analysis, and applications},
  author={Cutler, Ross and Davis, Larry S.},
  journal={IEEE Trans. PAMI},
  volume={22},
  number={8},
  pages={781--796},
  year={2000},
}
  publisher={IEEE}

@misc{sourcecode,
    author={Vind, S{\o}ren},
    year={2014},
    title={Source code for motion detection experiments},
    howpublished={\url{https://github.com/sorenvind/phd-motiondetectionindex}}
}


%% Worst references ever
@inproceedings{kao2008a,
  title = {An effective surveillance video retrieval method based upon motion detection},
  author = {Kao, Wei Chieh and Chiu, Shih Hsuan and Wen, Che Y.},
  journal = {Proc. IEEE ISI},
  pages = {261-262},
  year = {2008},

}
  year = {2008},
  isbn = {9781424424146},
  language = {English},
  publisher = {Inst. of Elec. and Elec. Eng. Computer Society},
  abstract = {Intelligent surveillance systems have become an important research issue recently. They can provide an early warning or help us to retrieve interested video frames. The motion detection techniques play an important role in these two applications. In this paper, we propose an effective surveillance video retrieval method based upon the motion detection technology. We can use this method to search frames with moving objects. We also use the feature, motion vectors, to retrieve the frames with objects in pre-defined moving directions. We use video samples to show the feasibility of our method. ©2008 IEEE.},
  doi = {10.1109/ISI.2008.4565075}

@article{du2014event,
  title={Event Detection by Spatio-Temporal Indexing of Video Clips.},
  author={Du, Shan and Rahman, Choudhury A and Sharmeen, Saika and Badawy, Wael},
  journal={IJCTE},
  volume={6},
  number={1},
  year={2014}
}




%%%%%%%%%%%%%%%%%%%%%%%%%%%%%%%%%%%%%%%%%%%%%%%%%%%%%%%%%%
%%%%%%%%%%%%%%%%%% Annotated
%%%%%%%%%%%%%%%%%%%%%%%%%%%%%%%%%%%%%%%%%%%%%%%%%%%%%%%%%%

@inproceedings{chakrabarti2009annotations,
  title={Annotations in data streams},
  author={Chakrabarti, Amit and Cormode, Graham and McGregor, Andrew},
  booktitle={Proc. 36th ICALP},
  pages={222--234},
  year={2009}
}
@article{chakrabarti2014annotations,
  title={Annotations in data streams},
  author={Chakrabarti, Amit and Cormode, Graham and McGregor, Andrew and Thaler, Justin},
  journal={ACM Trans. Alg.},
  volume={11},
  number={1},
  pages={7},
  year={2014},
}
  publisher={ACM}

@inproceedings{cormode2012practical,
  title={Practical verified computation with streaming interactive proofs},
  author={Cormode, Graham and Mitzenmacher, Michael and Thaler, Justin},
  booktitle={Proc. 3rd ITCS},
  pages={90--112},
  year={2012}
}

@article{cormode2013streaming,
  title={Streaming graph computations with a helpful advisor},
  author={Cormode, Graham and Mitzenmacher, Michael and Thaler, Justin},
  journal={Algorithmica},
  volume={65},
  number={2},
  pages={409--442},
  year={2013}
}

@inproceedings{klauck2013streaming,
  title={Streaming computations with a loquacious prover},
  author={Klauck, Hartmut and Prakash, Ved},
  booktitle={Proc. 4th ITCS},
  pages={305--320},
  year={2013}
}


@article{thaler2014semi,
  title={Semi-Streaming Algorithms for Annotated Graph Streams},
  author={Thaler, Justin},
  journal={arXiv:1407.3462},
  year={2014}
}

@inproceedings{chakrabarti2015verifiable,
  title={Verifiable Stream Computation and Arthur--Merlin Communication},
  author={Chakrabarti, Amit and Cormode, Graham and McGregor, Andrew and Thaler, Justin and Venkatasubramanian, Suresh},
  booktitle={CCC},
  year={2015}
}

@inproceedings{goos2015zero,
  title={Zero-Information Protocols and Unambiguity in Arthur-Merlin Communication},
  author={G{\"o}{\"o}s, Mika and Pitassi, Toniann and Watson, Thomas},
  booktitle={Proc. 6th ITCS},
  pages={113--122},
  year={2015},
}
  organization={ACM}

@inproceedings{klauck2014improved,
  title={An improved interactive streaming algorithm for the distinct elements problem},
  author={Klauck, Hartmut and Prakash, Ved},
  booktitle={Proc. 41st ICALP},
  pages={919--930},
  year={2014},
}
  publisher={Springer}
@inproceedings{cormode2011verifying,
  title={Verifying computations with streaming interactive proofs},
  author={Cormode, Graham and Thaler, Justin and Yi, Ke},
  booktitle={Proc. VLDB Endowment},
  volume={5},
  number={1},
  pages={25--36},
  year={2011},
}
  publisher={VLDB Endowment}




%%% RELATED WORK
@inproceedings{babai1985trading,
  title={Trading group theory for randomness},
  author={Babai, L{\'a}szl{\'o}},
  booktitle={Proc. 17th STOC},
  pages={421--429},
  year={1985},
}
  organization={ACM}
@inproceedings{goldwasser1986private,
  title={Private coins versus public coins in interactive proof systems},
  author={Goldwasser, Shafi and Sipser, Michael},
  booktitle={Proc. 18th STOC},
  pages={59--68},
  year={1986},
}
  organization={ACM}
@inproceedings{goldwasser1985knowledge,
  title={The knowledge complexity of interactive proof-systems},
  author={Goldwasser, Shafi and Micali, Silvio and Rackoff, Charles},
  booktitle={Proc. 17th STOC},
  pages={291--304},
  year={1985},
}
  organization={ACM}
@article{goldreich1991proofs,
  title={Proofs that yield nothing but their validity or all languages in NP have zero-knowledge proof systems},
  author={Goldreich, Oded and Micali, Silvio and Wigderson, Avi},
  journal={J. ACM},
  volume={38},
  number={3},
  pages={690--728},
  year={1991},
}
  publisher={ACM}


%%% BASIC STREAMING
@article{munro1980selection,
  title={Selection and sorting with limited storage},
  author={Munro, Ian and Paterson, Mike S.},
  journal={Theor. Comput. Sci.},
  volume={12},
  number={3},
  pages={315--323},
  year={1980},
}
  publisher={Elsevier}

@article{flajolet1985probabilistic,
  title={Probabilistic counting algorithms for data base applications},
  author={Flajolet, Philippe and Nigel Martin, G.},
  journal={J. Comput. Syst. Sci.},
  volume={31},
  number={2},
  pages={182--209},
  year={1985},
}
  publisher={Elsevier}

@article{alon1999space,
  title={The Space Complexity of Approximating the Frequency Moments},
  author={Alon, Noga and Matias, Yossi and Szegedy, Mario},
  journal={J. Comput. Syst. Sci.},
  volume={58},
  number={1},
  pages={137--147},
  year={1999},
}
  publisher={Academic Press}


%%% STRINGS
@inproceedings{simon1994string,
  title={String matching algorithms and automata},
  author={Simon, Imre},
  booktitle={Proc. 1st SPIRE},
  pages={151--157},
  year={1993},
}
  publisher={Springer}

@inproceedings{clifford2012pattern,
  title={Pattern matching in multiple streams},
  author={Clifford, Rapha{\"e}l and Jalsenius, Markus and Porat, Ely and Sach, Benjamin},
  booktitle={Proc. 23rd CPM},
  pages={97--109},
  year={2012},
}
  organization={Springer}

@article{gawrychowski2013optimal,
  title={Optimal pattern matching in LZW compressed strings},
  author={Pawel Gawrychowski},
  journal={ACM Trans. Alg.},
  volume={9},
  number={3},
  pages={25},
  year={2013},
}
  publisher={ACM}

@article{fredman1984storing,
  title={Storing a sparse table with $0(1)$ worst case access time},
  author={Fredman, Michael L. and Koml{\'o}s, J{\'a}nos and Szemer{\'e}di, Endre},
  journal={J. ACM},
  volume={31},
  number={3},
  pages={538--544},
  year={1984},
}
  publisher={ACM}

@inproceedings{Weiner1973,
    author = {Weiner, Peter},
    booktitle = {Proc. 14th SWAT},
    title = {{Linear pattern matching algorithms}},
    pages = {1--11},
    year = {1973}
}



@article{farach1998string,
  title={String Matching in {L}empel--{Z}iv Compressed Strings},
  author={Farach, Martin and Thorup, Mikkel},
  journal={Algorithmica},
  volume={20},
  number={4},
  pages={388--404},
  year={1998}
}

@inproceedings{sutinen1995using,
  title={On using q-gram locations in approximate string matching},
  author={Sutinen, Erkki and Tarhio, Jorma},
  booktitle={Proc. 3rd ESA},
  pages={327--340},
  year={1995}
}


@article{cole2003faster,
  title={Faster suffix tree construction with missing suffix links},
  author={Cole, Richard and Hariharan, Ramesh},
  journal={SIAM J. Comput.},
  volume={33},
  number={1},
  pages={26--42},
  year={2003},
  publisher={SIAM}
}

@inproceedings{kalai2002efficient,
  title={Efficient pattern-matching with don't cares},
  author={Kalai, Adam},
  booktitle={Proc. 13th SODA},
  pages={655--656},
  year={2002}
}

@inproceedings{amir1992efficient,
  title={Efficient randomized dictionary matching algorithms},
  author={Amir, Amihood and Farach, Martin and Matias, Yossi},
  booktitle={Proc. 3rd CPM},
  pages={262--275},
  year={1992}
}

@inproceedings{gasieniec1996randomized,
  title={Randomized efficient algorithms for compressed strings: {T}he finger-print approach},
  author={G\c{a}sieniec, Leszek and Karpinski, Marek and Plandowski, Wojciech and Rytter, Wojciech},
  booktitle={Proc. 7th CPM},
  pages={39--49},
  year={1996}
}

@inproceedings{andoni2006efficient,
  title={Efficient algorithms for substring near neighbor problem},
  author={Andoni, Alexandr and Indyk, Piotr},
  booktitle={Proc. 17th SODA},
  pages={1203--1212},
  year={2006}
}

@inproceedings{porat2009exact,
  title={Exact and approximate pattern matching in the streaming model},
  author={Porat, Benny and Porat, Ely},
  booktitle={Proc. 50th FOCS},
  pages={315--323},
  year={2009}
}









%%%%%%%%%%%%%%%%%%%%%%%%%%%%%%%%%%%%%%%%%%%%%%
%%%%%%%%% Pattern Extraction (Nadia Pisanti)
%%%%%%%%%%%%%%%%%%%%%%%%%%%%%%%%%%%%%%%%%%%%%%

@article{CominV13,
author = {Matteo Comin and Davide Verzotto},
title = {Filtering Degenerate Patterns with Application to Protein
Sequence Analysis},
journal = {Algorithms},
volume = {6},
number = {2},
year = {2013},
pages = {352-370},
}


@article{CunialA12,
author = {Fabio Cunial and
Alberto Apostolico},
title = {Phylogeny Construction with Rigid Gapped Motifs},
journal = {J. Comp. Biol.},
volume = {19},
number = {7},
year = {2012},
pages = {911-927},
}


@article{ApostolicoPU11,
author = {Alberto Apostolico and
Cinzia Pizzi and
Esko Ukkonen},
title = {Efficient algorithms for the discovery of gapped factors},
journal = {Algorithms Mol. Biol.},
volume = {6},
year = {2011},
pages = {5},
}

@article{rime,
author = {Maria Federico and Pierre Peterlongo and Nadia Pisanti and Marie-France Sagot},
title = {Rime: Repeat Identification},
journal = {Discrete Appl. Math.},
volume = {163},
year = {2014},
number = {3},
pages = {275 - 286}
}


@inproceedings{Eskin04,
author = {Eleazar Eskin},
title = {From profiles to patterns and back again: a branch and bound
algorithm for finding near optimal motif profiles},
booktitle = {Proc. 8th RECOMB},
year = {2004},
pages = {115-124},
}


@article{IliopoulosMPPRS05,
author = {Costas S. Iliopoulos and
James A. M. McHugh and
Pierre Peterlongo and
Nadia Pisanti and
Wojciech Rytter and
Marie-France Sagot},
title = {A first approach to finding common motifs with gaps},
journal = {Int. J. Found. Comput. Sci.},
volume = {16},
number = {6},
year = {2005},
pages = {1145-1154},
}
ee = {http://dx.doi.org/10.1142/S0129054105003716},
bibsource = {DBLP, http://dblp.uni-trier.de}


@article{tcbb05,
author = {Nadia Pisanti and
Maxime Crochemore and
Roberto Grossi and
Marie-France Sagot},
title = {Bases of Motifs for Generating Repeated Patterns with Wild
Cards},
journal = {IEEE/ACM Trans. Comput. Biology Bioinform.},
volume = {2},
number = {1},
year = {2005},
pages = {40-50},
}
ee = {http://doi.acm.org/10.1145/1057651.1057657},
bibsource = {DBLP, http://dblp.uni-trier.de}


@inproceedings{Parida00,
author = {Laxmi Parida and
Isidore Rigoutsos and
Aris Floratos and
Daniel E. Platt and
Yuan Gao},
title = {Pattern discovery on character sets and real-valued data:
linear bound on irredundant motifs and an efficient polynomial
time algorithm},
booktitle = {Proc. 11th SODA},
year = {2000},
pages = {297-308},
}
ee = {http://dl.acm.org/citation.cfm?id=338219.338266},

=====================================

FATAL BIO CITATIONS (paragraph of intro that starts with “Third”

\cite{CominV13,CunialA12,Eskin04} above

REFERENCE [11] MADMX
but also REFERENCE [1,16,18]

@article{MarsanS00,
author = {Laurent Marsan and
Marie-France Sagot},
title = {Algorithms for Extracting Structured Motifs Using a Suffix
Tree with an Application to Promoter and Regulatory Site
Consensus Identification},
journal = {J. Comp. Biol.},
volume = {7},
number = {3-4},
year = {2000},
pages = {345-362},
}

ee = {http://dx.doi.org/10.1089/106652700750050826},
bibsource = {DBLP, http://dblp.uni-trier.de}




% Nadia Pisanti Additions:
========================
The following two papers are the same thing (one is conference, then a chapter of a book that collects selected papers of the conference).
The addressed problem is finding maximal motifs with wild cards and they have a n^3 delay solution (n is input size). No notion of limiting number of don’t cares nor density. First output sensitive result in the field, in a way.
@article{arimura2007efficient,
  title={An efficient polynomial space and polynomial delay algorithm for enumeration of maximal motifs in a sequence},
  author={Arimura, Hiroki and Uno, Takeaki},
  journal={JCO},
  year={2007}
}
%
  volume={13},
  number={3},
  pages={243--262},

========================
Here is a conference paper (again, there is also the LNCS book chapter of 2008 with the same paper). Now they aim at finding maximal patterns with don’t cares that are flexible. Again output sensitive algorithms, and here the delay is n\Sigma (n input size, \Sigma alphabet size).

@inproceedings{JsaiAU07,
author = {Hiroki Arimura and Takeaki Uno},
title = {Mining Maximal Flexible Patterns in a Sequence},
booktitle = {JSAI},
year = {2007},
pages = {307-317},
ee = {http://dx.doi.org/10.1007/978-3-540-78197-4_29},
}

========================
This is very recent work of Uno&co. The starting point is that the problem of finding approximate motifs is difficult and then show a heuristic and argument this is practical. They do not even state a formal problem in terms of strings to be found.

@inproceedings{MUUK13,
author = {Tetsushi Matsui and Takeaki Uno and Juzoh Umemori and Tsuyoshi Koide},
title = {A New Approach to String Pattern Mining with Approximate Match},
booktitle = {Discovery Science},
year = {2013},
pages = {110-125},
ee = {http://dx.doi.org/10.1007/978-3-642-40897-7_8},
}

========================
Below is a collection of results that characterize solid blocks and motifs with k don’t cares (inbetween a don’t care a block must be nonempty, hence it is not exactly our motifs; I call these motifs k-gapped motifs). However, interestings facts for us here are:
- corollary 3 at the very end which tells that there can be an exponential (in k) number of k-gapped motifs, and this bound applies to us as well.
- it includes (proved in this paper independently from us, it is exactly the same TCS volume ads our paper \cite{tcsFP09}) a proof that solid blocks are nodes of suffix trees.

@article{tcsUkkonen09,
author = {Esko Ukkonen},
title = {Maximal and minimal representations of gapped and non-gapped motifs of a string},
journal = {Theor. Comput. Sci.},
volume = {410},
number = {43},
year = {2009},
pages = {4341-4349},
ee = {http://dx.doi.org/10.1016/j.tcs.2009.07.015},
bibsource = {DBLP, http://dblp.uni-trier.de}
}

========================
Here are several NP-completeness proof of as many decision problem concerning the existence of motifs with don’t cares that are frequent enough and that have enough content. The content is a value c that is a minimum number of non-don’t cares symbols that there must be.

￼
@article{almobAPU11,
author = {Alberto Apostolico and Cinzia Pizzi and Esko Ukkonen},
title = {Efficient algorithms for the discovery of gapped factors},
journal = {Algorithms Mol. Biol.},
volume = {6},
year = {2011},
pages = {5},
ee = {http://dx.doi.org/10.1186/1748-7188-6-5},
bibsource = {DBLP, http://dblp.uni-trier.de}
}

========================
This paper is about motifs with ONE gap, also known as dyads. There are motifs and maximality and don’t cares, but it is quite a special case that is addressed.

@article{jdaMNU10,
author = {Morris Michael and Fran\c{c}ois Nicolas and Esko Ukkonen},
title = {On the complexity of finding gapped motifs},
journal = {J. Discrete Algorithms},
volume = {8},
number = {2},
year = {2010},
pages = {131-142},
ee = {http://dx.doi.org/10.1016/j.jda.2009.12.001},
bibsource = {DBLP, http://dblp.uni-trier.de}
}

========================
Here they show how for certain purposes (such as phylogeny construction) redundant sets of motifs (e.g. the whole set rather than a base) can lead to more accuracy.

￼
@article{jcbAC12,
author = {Fabio Cunial and Alberto Apostolico},
title = {Phylogeny Construction with Rigid Gapped Motifs},
journal = {J. Comp. Biol.},
volume = {19},
number = {7},
year = {2012},
pages = {911-927},
ee = {http://dx.doi.org/10.1089/cmb.2012.0060},
bibsource = {DBLP, http://dblp.uni-trier.de}
}

========================
A paper of mine with my PhD student (at the time) Maria that characterise on suffix tree the solid maximal blocks. Plus other things less interesting for us now.

@article{tcsFP09,
author = {Maria Federico and Nadia Pisanti},
title = {Suffix tree characterization of maximal motifs in biological sequences},
journal = {Theor. Comput. Sci.},
volume = {410},
number = {43},
year = {2009},
pages = {4391-4401},
ee = {http://dx.doi.org/10.1016/j.tcs.2009.07.020},
bibsource = {DBLP, http://dblp.uni-trier.de}
}




%%%%%%%%%%%%%%%%%%%%%%%%%%%%%%%%%%%%%%%%%%%%%%
%%%%%%%%% Dynamic Compression
%%%%%%%%%%%%%%%%%%%%%%%%%%%%%%%%%%%%%%%%%%%%%%


%%%%%% LZSS
@article{wandelt2013fresco,
  title={FRESCO: Referential compression of highly similar sequences},
  author={Wandelt, Sebastian and Leser, Ulf},
  journal={IEEE/ACM Trans. Comput. Biol. Bioinf.},
  volume={10},
  number={5},
  pages={1275--1288},
  year={2013},
}
  publisher={IEEE}
@article{deorowicz2011robust,
  title={Robust relative compression of genomes with random access},
  author={Deorowicz, Sebastian and Grabowski, Szymon},
  journal={Bioinformatics},
  volume={27},
  number={21},
  pages={2979--2986},
  year={2011},
}
  publisher={Oxford Univ Press}
@article{wandelt2012adaptive,
  title={Adaptive efficient compression of genomes.},
  author={Wandelt, Sebastian and Leser, Ulf},
  journal={Algorithms Mol. Biol.},
  volume={7},
  number={30},
  pages={1--9},
  year={2012}
}
@article{ochoa2014idocomp,
  title={iDoComp: a compression scheme for assembled genomes},
  author={Ochoa, Idoia and Hernaez, Mikel and Weissman, Tsachy},
  journal={Bioinformatics},

  year={2014},
}
  pages={btu698},
  publisher={Oxford Univ Press}



@inproceedings{belazzougui2010fast,
  title={Fast prefix search in little space, with applications},
  author={Belazzougui, Djamal and Boldi, Paolo and Pagh, Rasmus and Vigna, Sebastiano},
  booktitle={Proc. 18th ESA},
  pages={427--438},
  year={2010}
}



@inproceedings{goswami2015,
    author = {Mayank Goswami and Allan Grønlund and Kasper Green Larsen and Rasmus Pagh},
    title = {Approximate Range Emptiness in Constant Time and Optimal Space},
    booktitle = {Proc. 26th SODA},
    chapter = {52},
    pages = {769-775},
    Year = {2015}
}
    doi = {10.1137/1.9781611973730.52},
    URL = {http://epubs.siam.org/doi/abs/10.1137/1.9781611973730.52},
    eprint = {http://epubs.siam.org/doi/pdf/10.1137/1.9781611973730.52}
	
@inproceedings{SS1978,
	Author = {Storer, James A. and Szymanski, Thomas G.},
	Booktitle = {Proc. 10th STOC},
	Pages = {30--39},
	Title = {The Macro Model for Data Compression},
	Year = {1978},}
	Bdsk-Url-1 = {http://doi.acm.org/10.1145/800133.804329},
	Bdsk-Url-2 = {http://dx.doi.org/10.1145/800133.804329}
	Date-Added = {2014-12-02 10:15:10 +0000},
	Date-Modified = {2014-12-02 10:16:01 +0000},

@inproceedings{navarro2013optimal,
	Author = {Navarro, Gonzalo and Nekrich, Yakov},
	Booktitle = {Proc. 24th SODA},
	Pages = {865--876},
	Title = {Optimal dynamic sequence representations},
	Year = 2013}
	Organization = {SIAM},

@inproceedings{Bin2007,
	Author = {Gonz{\'a}lez, Rodrigo and Navarro, Gonzalo},
	Booktitle = {Proc. 18th CPM},
	Pages = {216-227},
	Title = {Compressed Text Indexes with Fast Locate},
	Year = {2007},}
	Volume = {4580},
	Bdsk-Url-1 = {http://dx.doi.org/10.1007/978-3-540-73437-6_23}
	Publisher = {Springer Berlin Heidelberg},
	Series = {Lecture Notes in Computer Science},
	Url = {http://dx.doi.org/10.1007/978-3-540-73437-6_23},
	Doi = {10.1007/978-3-540-73437-6_23},
	Editor = {Ma, Bin and Zhang, Kaizhong},
	Isbn = {978-3-540-73436-9},
	Language = {English},

@inproceedings{Sadakane2006,
	Author = {Sadakane, Kunihiko and Grossi, Roberto},
	Booktitle = {Proc. 17th SODA},
	Numpages = {10},
	Pages = {1230--1239},
	Title = {Squeezing Succinct Data Structures into Entropy Bounds},
	Year = {2006},}
	Bdsk-Url-1 = {http://dl.acm.org/citation.cfm?id=1109557.1109693}
	Acmid = {1109693},
	Address = {Philadelphia, PA, USA},
	Url = {http://dl.acm.org/citation.cfm?id=1109557.1109693},
	Publisher = {Society for Industrial and Applied Mathematics},
	Series = {SODA '06},
	Isbn = {0-89871-605-5},
	Location = {Miami, Florida},

@inproceedings{Jansson12_cram,
	Author = {Jansson, Jesper and Sadakane, Kunihiko and Sung, Wing-Kin},
	Booktitle = {Proc. 39th ICALP},
	Pages = {510-521},
	Title = {CRAM: Compressed Random Access Memory},
	Year = {2012},}
	Bdsk-Url-1 = {http://dx.doi.org/10.1007/978-3-642-31594-7_43}
	Language = {English},
	Publisher = {Springer Berlin Heidelberg},
	Series = {Lecture Notes in Computer Science},
	Url = {http://dx.doi.org/10.1007/978-3-642-31594-7_43},
	Volume = {7391},
	Doi = {10.1007/978-3-642-31594-7_43},
	Editor = {Czumaj, Artur and Mehlhorn, Kurt and Pitts, Andrew and Wattenhofer, Roger},
	Isbn = {978-3-642-31593-0},

@article{ferragina2005indexing,
	Author = {Ferragina, Paolo and Manzini, Giovanni},
	Journal = {J. ACM},
	Number = {4},
	Pages = {552--581},
	Title = {Indexing compressed text},
	Volume = {52},
	Year = {2005}}
	Publisher = {ACM},

@article{Ferragina2007,
	Author = {Paolo Ferragina and Rossano Venturini},
	Journal = {Theor. Comput. Sci.},
	Number = {1},
	Pages = {115 - 121},
	Title = {A simple storage scheme for strings achieving entropy bounds},
	Volume = {372},
	Year = {2007},}
	Bdsk-Url-1 = {http://www.sciencedirect.com/science/article/pii/S030439750600898X},
	Bdsk-Url-2 = {http://dx.doi.org/10.1016/j.tcs.2006.12.012}
	Keywords = {Data compression},
	Url = {http://www.sciencedirect.com/science/article/pii/S030439750600898X},
	Doi = {http://dx.doi.org/10.1016/j.tcs.2006.12.012},
	Issn = {0304-3975},

@techreport{Ferragina04succinctrepresentation,
      title={Succinct representation of sequences},
      author={Ferragina, Paolo and Manzini, Giovanni and M{\"a}kinen, Veli and Navarro, Gonzalo},
      year={2004},
      institution={TR/DCC-2004-5, University of Chile}
}

@inproceedings{grossi2013,
   author={Grossi, Roberto and Raman, Rajeev and Rao, Satti Srinivasa and Venturini, Rossano},
	Booktitle = {Proc. 40th ICALP},
	Pages = {504-515},
	Title = {Dynamic Compressed Strings with Random Access},
	Year = {2013},}
	Bdsk-Url-1 = {http://dx.doi.org/10.1007/978-3-642-39206-1_43}
	Volume = {7965},
	Doi = {10.1007/978-3-642-39206-1_43},
	Editor = {Fomin, FedorV. and Freivalds, R{\=u}si{\c n}{\v s} and Kwiatkowska, Marta and Peleg, David},
	Isbn = {978-3-642-39205-4},
	Language = {English},
	Publisher = {Springer Berlin Heidelberg},
	Series = {Lecture Notes in Computer Science},
	Url = {http://dx.doi.org/10.1007/978-3-642-39206-1_43},
    

@inproceedings{Grossi03,
  author={Grossi, Roberto and Gupta, Ankur and Vitter, Jeffrey Scott},
  booktitle={Proc. 14th SODA},
	Pages = {841--850},
	Title = {High-order entropy-compressed text indexes},
	Year = {2003}}

@inproceedings{puaatracscu2004tight,
	Author = {P{\u{a}}tra{\c{s}}cu, Mihai and Demaine, Erik D.},
	Booktitle = {Proc. 15th SODA},
	Pages = {20--29},
	Title = {Tight bounds for the partial-sums problem},
	Year = {2004}}

@inproceedings{raman2001succinct,
	Author = {Raman, Rajeev and Raman, Venkatesh and Rao, Satti Srinivasa},
	Booktitle = {Proc. 7th WADS},
	Pages = {426--437},
	Title = {Succinct dynamic data structures},
	Year = {2001}}
	Publisher = {Springer},

@article{husfeldt2003new,
	Author = {Husfeldt, Thore and Rauhe, Theis},
	Journal = {SIAM J. Comput.},
	Number = {3},
	Pages = {736--753},
	Title = {New lower bound techniques for dynamic partial sums and related problems},
	Volume = {32},
	Year = {2003}}

@article{hon2011a,
	Author = {Hon, Wing-Kai and Sadakane, Kunihiko and Sung, Wing-Kin},
	Journal = {Theor. Comput. Sci.},
	Number = {39},
	Pages = {5176-5186},
	Title = {Succinct data structures for Searchable Partial Sums with optimal worst-case performance},
	Volume = {412},
	Year = {2011}}

@article{navarro2014fully,
	Author = {Navarro, Gonzalo and Sadakane, Kunihiko},
	Journal = {ACM Trans. Alg.},
	Number = {3},
	Pages = {16},
	Title = {Fully Functional Static and Dynamic Succinct Trees},
	Volume = {10},
	Year = {2014}}

@inproceedings{dietz1989optimal,
	Author = {Dietz, Paul F.},
	Booktitle = {Proc. 1st WADS},
	Pages = {39--46},
	Title = {Optimal algorithms for list indexing and subset rank},
	Year = {1989}}

@article{willard2000examining,
	Author = {Willard, Dan E.},
	Journal = {SIAM J. Comput.},
	Number = {3},
	Pages = {1030--1049},
	Title = {Examining computational geometry, van Emde Boas trees, and hashing from the perspective of the fusion tree},
	Volume = {29},
	Year = {2000}}

@inproceedings{fredman1989cell,
	Author = {Fredman, Michael L. and Saks, Michael},
	Booktitle = {Proc. 21st STOC},
	Pages = {345--354},
	Title = {The cell probe complexity of dynamic data structures},
	Year = {1989}}

@inproceedings{patrascu2014dynamic,
  title={Dynamic Integer Sets with Optimal Rank, Select, and Predecessor Search},
  author={P{\u{a}}tra{\c{s}}cu, Mihai and Thorup, Mikkel},
  booktitle={Proc. 55th FOCS},
  pages={166--175},
  year={2014},
}
  organization={IEEE}
@inproceedings{patrascu2006time,
  title={Time-space trade-offs for predecessor search},
  author={P{\u{a}}tra{\c{s}}cu, Mihai and Thorup, Mikkel},
  booktitle={Proc. 38th STOC},
  pages={232--240},
  year={2006},
}
  organization={ACM}
@article{dietz1994constant,
  title={A constant update time finger search tree},
  author={Dietz, Paul F. and Raman, Rajeev},
  journal={Inform. Process. Lett.},
  volume={52},
  number={3},
  pages={147--154},
  year={1994},
}
  publisher={Elsevier}
@inproceedings{andersson2000tight,
  title={Tight (er) worst-case bounds on dynamic searching and priority queues},
  author={Andersson, Arne and Thorup, Mikkel},
  booktitle={Proc. 32nd STOC},
  pages={335--342},
  year={2000},
}
  organization={ACM}

@inproceedings{kuruppu2010relative,
	Author = {Kuruppu, Shanika and Puglisi, Simon J. and Zobel, Justin},
	Booktitle = {Proc. 17th SPIRE},
	Pages = {201--206},
	Title = {Relative Lempel-Ziv compression of genomes for large-scale storage and retrieval},
	Year = {2010}}
	Organization = {Springer},

@inproceedings{kuruppu2011optimized,
	Author = {Kuruppu, Shanika and Puglisi, Simon J. and Zobel, Justin},
	Booktitle = {Proc. 34th ACSC},
	Pages = {91--98},
	Title = {Optimized relative Lempel-Ziv compression of genomes},
	Year = {2011}}
	Organization = {Australian Computer Society, Inc.},

@article{makinen2010storage,
	Author = {M{\"a}kinen, Veli and Navarro, Gonzalo and Sir{\'e}n, Jouni and V{\"a}lim{\"a}ki, Niko},
	Journal = {J. Comp. Biol.},
	Number = {3},
	Pages = {281--308},
	Title = {Storage and retrieval of highly repetitive sequence collections},
	Volume = {17},
	Year = {2010}}
	Publisher = {Mary Ann Liebert, Inc. 140 Huguenot Street, 3rd Floor New Rochelle, NY 10801 USA},

@article{ferragina2013bit,
	Author = {Ferragina, Paolo and Nitto, Igor and Venturini, Rossano},
	Journal = {SIAM J. Comput.},
	Number = {4},
	Pages = {1521--1541},
	Title = {On the Bit-Complexity of Lempel--Ziv Compression},
	Volume = {42},
	Year = {2013}}
	Publisher = {SIAM},

@article{Storer1982,
	Author = {Storer, James A. and Szymanski, Thomas G.},
	Journal = {J. ACM},
	Number = {4},
	Pages = {928--951},
	Title = {Data compression via textual substitution},
	Volume = {29},
	Year = {1982}}

@inproceedings{cohn1996parsing,
	Author = {Cohn, Martin and Khazan, Roger},
	Booktitle = {Proc. 6th DCC},
	Pages = {180--180},
	Title = {Parsing with suffix and prefix dictionaries},
	Year = {1996}}

@article{Crochemore201455,
	Author = {Maxime Crochemore and Alessio Langiua and Filippo Mignosi},
	Journal = {Theor. Comput. Sci.},
	Number = {0},
	Pages = {55 - 59},
	Title = {Note on the greedy parsing optimality for dictionary-based text compression},
	Volume = {525},
	Year = {2014}}

@article{hoobin2011relative,
	Author = {Hoobin, Christopher and Puglisi, Simon J. and Zobel, Justin},
	Journal = {Proc. VLDB Endowment},
	Number = {3},
	Pages = {265--273},
	Title = {Relative Lempel-Ziv factorization for efficient storage and retrieval of web collections},
	Volume = {5},
	Year = {2011}}
	Publisher = {VLDB Endowment},

@inproceedings{kuruppu2011reference,
	Author = {Kuruppu, Shanika and Puglisi, Simon J. and Zobel, Justin},
	Booktitle = {Proc. 18th SPIRE},
	Pages = {420--425},
	Title = {Reference sequence construction for relative compression of genomes},
	Year = {2011}}
	Organization = {Springer},

@inproceedings{chern2012reference,
	Author = {Chern, B. G. and Ochoa, Idoia and Manolakos, Alexandros and No, Albert and Venkat, Kartik and Weissman, Tsachy},
	Booktitle = {Proc. IEEE ITW},
	Pages = {427--431},
	Title = {Reference based genome compression},
	Year = {2012}}
	Organization = {IEEE},

@article{do2014fast,
	Author = {Do, Huy Hoang and Jansson, Jesper and Sadakane, Kunihiko and Sung, Wing-Kin},
	Journal = {Theor. Comput. Sci.},
	Pages = {14--30},
	Title = {Fast relative Lempel--Ziv self-index for similar sequences},
	Volume = {532},
	Year = {2014}}
	Publisher = {Elsevier},
    
    
@inproceedings{husfeldt1996lower,
  title={Lower Bounds for Dynamic Transitive Closure, Planar Point Location, and Parentheses Matching},
  author={Husfeldt, Thore and Rauhe, Theis and Skyum, S{\o}ren},
  booktitle={Proc. 5th SWAT},
  pages={198--211},
  year={1996}
}
  organization={Springer-Verlag}
@article{fenwick1994new,
  title={A new data structure for cumulative frequency tables},
  author={Fenwick, Peter M.},
  journal={Software Pract. Exper.},
  volume={24},
  number={3},
  pages={327--336},
  year={1994}
}
  publisher={Wiley Online Library}

@inproceedings{cole2004dictionary,
	Author = {Cole, Richard and Gottlieb, Lee-Ad and Lewenstein, Moshe},
	Booktitle = {Proc. 36th STOC},
	Pages = {91--100},
	Title = {Dictionary matching and indexing with errors and don't cares},
	Year = {2004}}

@inproceedings{gawrychowski2014weighted,
	Author = {Gawrychowski, Pawel and Lewenstein, Moshe and Nicholson, Patrick K.},
	Booktitle = {Proc. 22nd ESA},
	Pages = {455--466},
	Title = {{Weighted Ancestors in Suffix Trees}},
	Year = {2014}}
	Date-Modified = {2014-12-10 11:58:30 +0000},

@article{amir2007dynamic,
	Author = {Amir, Amihood and Landau, Gad M. and Lewenstein, Moshe and Sokol, Dina},
	Journal = {ACM Trans. Alg.},
	Number = {2},
	Pages = {19},
	Title = {Dynamic text and static pattern matching},
	Volume = {3},
	Year = {2007}}
	Publisher = {ACM},

@article{lz1977,
	Author = {Jacob Ziv and Abraham Lempel},
	Journal = {IEEE Trans. Inform. Theory},
	Number = {3},
	Pages = {337-343},
	Title = {A Universal Algorithm for Sequential Data Compression},
	Volume = {23},
	Year = {1977}},
	Date-Added = {2007-05-03 13:57:50 +0200},
	Date-Modified = {2008-07-02 22:17:19 +0200},
	Bdsk-Url-1 = {citeseer.ist.psu.edu/ziv77universal.html}

@article{lz1978,
	Author = {Jacob Ziv and Abraham Lempel},
	Journal = {IEEE Trans. Inform. Theory},
	Number = {5},
	Pages = {530-536},
	Title = {Compression of Individual Sequences via Variable-Rate Coding},
	Volume = {24},
	Year = {1978}}
	Date-Added = {2007-05-03 13:57:50 +0200},
	Date-Modified = {2008-07-02 22:17:19 +0200},
	Bdsk-Url-1 = {citeseer.ist.psu.edu/ziv78compression.html}

@article{Welch1984,
	Author = {Terry A. Welch},
	Journal = {IEEE Computer},
	Number = {6},
	Pages = {8-19},
	Title = {A Technique for High-Performance Data Compression},
	Volume = {17},
	Year = {1984}}
	Bibsource = {DBLP, http://dblp.uni-trier.de},
	Date-Added = {2007-05-03 13:57:35 +0200},
	Date-Modified = {2007-05-03 13:57:35 +0200},

@book{CLRS2001,
	Author = {Thomas H. Cormen and Charles E. Leiserson and Ronald L. Rivest and Clifford Stein},
	Publisher = {MIT Press},
	Title = {{Introduction to Algorithms, second edition}},
	Year = {2001}}
    
    
@article{chazelle1990lower,
  title={Lower bounds for orthogonal range searching: I. The reporting case},
  author={Chazelle, Bernard},
  journal={J. ACM},
  volume={37},
  number={2},
  pages={200--212},
  year={1990},
}
  publisher={ACM}
@inproceedings{rahul2011efficient,
  title={Efficient top-k queries for orthogonal ranges},
  author={Rahul, Saladi and Gupta, Prosenjit and Janardan, Ravi and Rajan, K. S.},
  booktitle={Proc. 5th WALCOM},
  pages={110--121},
  year={2011},
}
  publisher={Springer}

@inproceedings{chan2010counting,
  title={Counting inversions, offline orthogonal range counting, and related problems},
  author={Chan, Timothy M. and P{\u{a}}tra{\c{s}}cu, Mihai},
  booktitle={Proc. 21st SODA},
  pages={161--173},
  year={2010},
}
  organization={Society for Industrial and Applied Mathematics}